@article{Caruana2008,
	author={Rich Caruana and Nikos Karampatziakis and Ainur Yessenalina},
	title={An Empirical Evaluation of Supervised Learning in High Dimensions},
	journal={Proceedings of the 25th International Conference on Machine Learning},
	year={2008},
}

@article{biau2008,
  title={Consistency of random forests and other averaging classifiers},
  author={Biau, G{\'e}rard and Devroye, Luc and Lugosi, G{\'a}bor},
  journal={The Journal of Machine Learning Research},
  volume={9},
  pages={2015--2033},
  year={2008},
  publisher={JMLR. org}
}

@inproceedings{zheng15flashgraph,
  title={FlashGraph: Processing Billion-Node Graphs on an Array of Commodity SSDs},
  author={Zheng, D and Mhembere, D and Burns, R and Vogelstein, J and Priebe, CE and Szalay, AS},
  booktitle={13th USENIX Conference on File and Storage Technologies (FAST 15)},
  organization={USENIX Association}
}

@article{Delgado2014,
	author={Manuel Fernandez-Delgado and Eva Cernadas and Senen Barro and Dinani Amorim},
	title={Do we Need Hundreds of Classifiers to Solve Real World Classification Problems?},
	journal={Journal of Machine Learning Research},
	volume={15},
	number={1},
	pages={3133-3181},
	year={2014},
	month={October},
}

@article{Fisherfaces,
  title={Eigenfaces vs. fisherfaces: Recognition using class specific linear projection},
  author={Belhumeur, Peter N. and Hespanha, Jo{\~a}o P and Kriegman, David},
  journal={Pattern Analysis and Machine Intelligence, IEEE Transactions on},
  volume={19},
  number={7},
  pages={711--720},
  year={1997},
  publisher={IEEE}
}

@inproceedings{Li2006,
  title={Very sparse random projections},
  author={Li, Ping and Hastie, Trevor J and Church, Kenneth W},
  booktitle={Proceedings of the 12th ACM SIGKDD international conference on Knowledge discovery and data mining},
  pages={287--296},
  year={2006},
  organization={ACM}
}

@incollection{Tan2005,
  title={MML inference of oblique decision trees},
  author={Tan, Peter J and Dowe, David L},
  booktitle={AI 2004: Advances in Artificial Intelligence},
  pages={1082--1088},
  year={2005},
  publisher={Springer}
}

@article{Breiman2001,
	author={Leo Breiman},
	title={Random Forests},
	journal={Machine Learning},
	volume={4},
	number={1},
	pages={5--32},
	year={2001},
	month={October},
}

@article{Heath1993,
	author={David Heath and Simon Kasif and Steven Salzberg},
	title={Induction of Oblique Decision Trees},
	journal={Journal of Artificial Intelligence Research},
	volume={2},
	number={2},
	pages={1--32},
	year={1993},
}

@incollection{Menze2011,
	year={2011},
	isbn={978-3-642-23782-9},
	booktitle={Machine Learning and Knowledge Discovery in Databases},
	volume={6912},
	series={Lecture Notes in Computer Science},
	editor={Gunopulos, Dimitrios and Hofmann, Thomas and Malerba, Donato and Vazirgiannis, Michalis},
	doi={10.1007/978-3-642-23783-6_29},
	title={On Oblique Random Forests},
	url={http://dx.doi.org/10.1007/978-3-642-23783-6_29},
	publisher={Springer Berlin Heidelberg},
	author={Menze, BjoernH. and Kelm, B.Michael and Splitthoff, DanielN. and Koethe, Ullrich and Hamprecht, FredA.},
	pages={453-469},
	language={English},
}

@article{Rodriguez2006,
	title={Rotation forest: A new classifier ensemble method},
  	author={Rodriguez, Juan Jos{\'e} and Kuncheva, Ludmila I and Alonso, Carlos J},
  	journal={Pattern Analysis and Machine Intelligence, IEEE Transactions on},
  	volume={28},
  	number={10},
  	pages={1619--1630},
  	year={2006},
  	publisher={IEEE},
}

@article{Ho1998, 
	author={Tin Kam Ho}, 
	journal={Pattern Analysis and Machine Intelligence, IEEE Transactions on}, 
	title={The random subspace method for constructing decision forests}, 
	year={1998}, 
	month={Aug}, 
	volume={20}, 
	number={8}, 
	pages={832-844}, 
	keywords={decision theory;learning (artificial intelligence);pattern classification;random processes;trees (mathematics);classification accuracy;decision forests;decision tree based classifier;decision trees;feature vector;generalization accuracy;maximum accuracy;overfitting;random subspace method;Binary trees;Classification tree analysis;Clustering algorithms;Decision trees;Stochastic systems;Support vector machine classification;Support vector machines;Tin;Training data}, 
	doi={10.1109/34.709601}, 
	ISSN={0162-8828},
}

@article{Candes2009,
	author={Emmanuel J. Cand{\`{e}}s and Xiaodong Li and Yi Ma and John Wright},
  	title={Robust Principal Component Analysis?},
  	journal={CoRR},
  	volume={abs/0912.3599},
  	year={2009},
  	url={http://arxiv.org/abs/0912.3599},
  	timestamp={Wed, 10 Oct 2012 21:28:34 +0200},
  	biburl={http://dblp.uni-trier.de/rec/bib/journals/corr/abs-0912-3599},
	bibsource={dblp computer science bibliography, http://dblp.org},
}

@article{Trunk1979,
	title={A problem of dimensionality: A simple example},
  	author={Trunk, GV},
	journal={Pattern Analysis and Machine Intelligence, IEEE Transactions on},
  	number={3},
  	pages={306--307},
  	year={1979},
  	publisher={IEEE}
}

@article{Bickel2004,
	author = "Bickel, Peter J. and Levina, Elizaveta",
	doi = "10.3150/bj/1106314847",
	journal = "Bernoulli",
	journal = "Bernoulli",
	month = "12",
	number = "6",
	pages = "989--1010",
	publisher = "Bernoulli Society for Mathematical Statistics and Probability",
	title = "Some theory for Fisher's linear discriminant function, `naive Bayes', and some alternatives when there are many more variables than observations",
	url = "http://dx.doi.org/10.3150/bj/1106314847",
	volume = "10",
	year = "2004"
}